@article{cygan2004molecular,
  title={Molecular models of hydroxide, oxyhydroxide, and clay phases and the development of a general force field},
  author={Cygan, Randall T and Liang, Jian-Jie and Kalinichev, Andrey G},
  journal={The Journal of Physical Chemistry B},
  volume={108},
  number={4},
  pages={1255--1266},
  year={2004},
  publisher={ACS Publications}
}

@ONLINE{lammps:input_commands,
author = {sandia.gov},
title = {LAMMPS Input Commands},
month = {October},
year = {2013},
howpublished = {\url{http://lammps.sandia.gov/doc/99/input_commands.html}}
}

@ONLINE{lammps:guide:pittsburg,
author = {Albert C},
title = {Molecular Dynamics Simulations},
howpublished = {\url{http://puccini.che.pitt.edu/~karlj/Classes/CHE3935/MD_simulations.pdf}}
}